

@article{Yee,
	author  = {Yee, K},
	title   = {Numerical solution of initial boundary value problems involving maxwell's equations in isotropic media},
	year    = {1966},
	journal = {IEEE Transactions on Antennas and Propagation},
	volume  = {14},
	number   = {3},
	pages   = {302-307}}
